<record><leader>00000cas a2200000 a 4500</leader><controlfield tag="001">13350705</controlfield><controlfield tag="008">860327d18631896nyuwr ne      0    0eng d</controlfield><datafield ind1=" " ind2=" " tag="010"><subfield code="a">sn 86053206 </subfield></datafield><datafield ind1=" " ind2=" " tag="040"><subfield code="a">NPX</subfield><subfield code="b">eng</subfield><subfield code="c">NPX</subfield><subfield code="d">NYG</subfield><subfield code="d">KNP</subfield><subfield code="d">OCL</subfield><subfield code="d">OCLCQ</subfield><subfield code="d">OCLCF</subfield><subfield code="d">OCLCO</subfield></datafield><datafield ind1="1" ind2=" " tag="029"><subfield code="a">AU@</subfield><subfield code="b">000020235942</subfield></datafield><datafield ind1=" " ind2=" " tag="042"><subfield code="a">msc</subfield></datafield><datafield ind1=" " ind2=" " tag="043"><subfield code="a">n-us-ny</subfield></datafield><datafield ind1="0" ind2="0" tag="245"><subfield code="a">Utica weekly herald and gazette and courier.</subfield></datafield><datafield ind1="1" ind2="3" tag="246"><subfield code="a">Utica weekly herald</subfield></datafield><datafield ind1=" " ind2=" " tag="260"><subfield code="a">Utica, N.Y. :</subfield><subfield code="b">Ellis H. Roberts</subfield></datafield><datafield ind1=" " ind2=" " tag="300"><subfield code="a">v.</subfield></datafield><datafield ind1=" " ind2=" " tag="310"><subfield code="a">Weekly</subfield></datafield><datafield ind1="0" ind2=" " tag="362"><subfield code="a">Vol. 17, (Dec. 22, 1863)-v. 48, no. 32 (May 26, 1896).</subfield></datafield><datafield ind1=" " ind2=" " tag="500"><subfield code="a">Publishers: Ellis H. Roberts, 1863-&lt;1869&gt;; Ellis H. Roberts &amp; Co., &lt;1874-1876&gt;.</subfield></datafield><datafield ind1=" " ind2="0" tag="651"><subfield code="a">Utica (N.Y.)</subfield><subfield code="v">Newspapers.</subfield></datafield><datafield ind1=" " ind2="7" tag="655"><subfield code="a">Newspapers.</subfield><subfield code="2">fast</subfield><subfield code="0">(OCoLC)fst01423814</subfield></datafield><datafield ind1=" " ind2="7" tag="651"><subfield code="a">New York (State)</subfield><subfield code="z">Utica.</subfield><subfield code="2">fast</subfield><subfield code="0">(OCoLC)fst01207805</subfield></datafield><datafield ind1=" " ind2=" " tag="752"><subfield code="a">United States</subfield><subfield code="b">New York</subfield><subfield code="c">Oneida</subfield><subfield code="d">Utica.</subfield></datafield><datafield ind1="0" ind2=" " tag="775"><subfield code="t">Utica morning herald and daily gazette</subfield><subfield code="w">(DLC)sn 83031871</subfield></datafield><datafield ind1="0" ind2="0" tag="780"><subfield code="t">Oneida weekly herald and gazette and courier</subfield><subfield code="w">(DLC)sn 83031883</subfield></datafield><datafield ind1="0" ind2="0" tag="785"><subfield code="t">Utica semi-weekly herald and gazette and courier</subfield><subfield code="w">(DLC)sn 88075705</subfield></datafield></record>